@article{Grossman1991,
Author = {Grossman, Herschel I.},
ISSN = {00028282},
Journal = {American Economic Review},
Keywords = {Political Processes: Rent-seeking, Lobbying, Elections, Legislatures, and Voting Behavior D72},
Number = {4},
Pages = {912 - 921},
Title = {{A General Equilibrium Model of Insurrections}},
Volume = {81},
URL = {http://www.systems.wsu.edu/scripts/wsuall.pl?url=http://search.ebscohost.com/login.aspx?direct=true&db=ecn&AN=0251137&site=ehost-live},
Year = {1991},
}

@article{Acemoglu2001,
Author = {Acemoglu, Daron and Robinson, James A.},
ISSN = {00028282},
Journal = {American Economic Review},
Keywords = {Conflict; Conflict Resolution; Alliances D74, Formal and Informal Sectors; Shadow Economy; Institutional Arrangements O17, Personal Income, Wealth, and Their Distributions D31, Capitalist Systems: Political Economy P16},
Number = {4},
Pages = {938 - 963},
Title = {{A Theory of Political Transitions}},
Volume = {91},
URL = {http://www.systems.wsu.edu/scripts/wsuall.pl?url=http://search.ebscohost.com/login.aspx?direct=true&db=ecn&AN=0590948&site=ehost-live},
Year = {2001},
}

@article{MacCulloch2005,
Author = {MacCulloch, Robert},
ISSN = {00222186},
Journal = {Journal of Law and Economics},
Keywords = {Personal Income, Wealth, and Their Distributions D31, Political Processes: Rent-seeking, Lobbying, Elections, Legislatures, and Voting Behavior D72},
Number = {1},
Pages = {93 - 123},
Title = {{Income Inequality and the Taste for Revolution}},
Volume = {48},
URL = {http://www.systems.wsu.edu/scripts/wsuall.pl?url=http://search.ebscohost.com/login.aspx?direct=true&db=ecn&AN=0798095&site=ehost-live},
Year = {2005},
}

@article{Guttman2014,
Author = {Guttman, Joel M. and Reuveny, Rafael},
ISSN = {00485829},
Journal = {Public Choice},
Keywords = {Political Processes: Rent-seeking, Lobbying, Elections, Legislatures, and Voting Behavior D72, Positive Analysis of Policy Formulation and Implementation D78, Institutions and Growth O43},
Number = {1-2},
Pages = {27 - 52},
Title = {{On Revolt and Endogenous Economic Policy in Autocratic Regimes}},
Volume = {159},
URL = {http://www.systems.wsu.edu/scripts/wsuall.pl?url=http://search.ebscohost.com/login.aspx?direct=true&db=ecn&AN=1431942&site=ehost-live},
Year = {2014},
}

@article{Goldstone2010,
  title={{A Global Model for Forecasting Political Instability}},
  author={Goldstone, Jack A and Bates, Robert H and Epstein, David L and Gurr, Ted Robert and Lustik, Michael B and Marshall, Monty G and Ulfelder, Jay and Woodward, Mark},
  journal={American Journal of Political Science},
  volume={54},
  number={1},
  pages={190--208},
  year={2010},
  publisher={Wiley Online Library}
}

@book{howell1998handbook,
  title={{The Handbook of Country and Political Risk Analysis}},
  author={Howell, Llewellyn D},
  year={1998},
  publisher={the PRS Group}
}

@inproceedings{Cameron2000,
  title={{Riot Games: A Theory of Mass Political Violence}},
  author={Cameron, Charles and Parikh, Sunita},
  booktitle={Wallace Institute Conference on Political Economy, University of Rochester},
  pages={19--20},
  year={2000}
}

@techreport{MacCulloch1999,
  title={{What Makes a Revolution?}},
  author={MacCulloch, Robert},
  year={2001},
  institution={ZEI working paper}

@book{tetlock2005expert,
  title={Expert Political Judgment: How good is it? How can we know?},
  author={Tetlock, Philip},
  year={2005},
  publisher={Princeton University Press}
}

@book{PRS,
  title={The 2011 Political Risk Yearbook: Middle East & North Africa},
  author={PRS Group},
  volume={2}
  year={2011},
  publisher={The PRS Group}
}

@book{PRS1,
  title={The 2013 Political Risk Yearbook: East Europe},
  author={The PRS Group},
  volume={7}
  year={2013},
  publisher={The PRS Group}
}

@book{PRS2,
  title={The 2006 Political Risk Yearbook: East Asia & the Pacific},
  author={The PRS Group},
  volume={5}
  year={2006},
  publisher={The PRS Group}
}

@book{acemoglu2012nations,
  title={Why nations fail: the origins of power, prosperity and poverty},
  author={Acemoglu, Daron and Robinson, James A and Woren, Dan},
  volume={4},
  year={2012},
  publisher={SciELO Chile}
}

@book{fukuyama2014political,
  title={Political order and political decay: From the industrial revolution to the globalization of democracy},
  author={Fukuyama, Francis},
  year={2014},
  publisher={Macmillan}
}