@article{kaufmann1999aggregating,
  title={Aggregating governance indicators},
  author={Kaufmann, Daniel and Kraay, Aart and Zoido-Lobat{\'o}n, Pablo},
  volume={2195},
  year={1999a},
  journal={World Bank Policy Research Working Paper}
}

@article{kaufmann1999governance,
  title={Governance Matters},
  author={Kaufmann, Daniel and Kraay, Aart and Zoido-Lobat{\'o}n, Pablo},
  volume={2196},
  year={1999b},
  journal={World Bank Policy Research Working Paper}
}


@book{howell1998handbook,
  title={{The Handbook of Country and Political Risk Analysis}},
  author={Howell, Llewellyn D},
  year={1998},
  publisher={the PRS Group}
}

@book{tetlock2005expert,
  title={Expert Political Judgment: How good is it? How can we know?},
  author={Tetlock, Philip},
  year={2005},
  publisher={Princeton University Press}
}


@book{PRS,
  title={The 2011 Political Risk Yearbook: Middle East & North Africa},
  author={{PRS Group}},
  volume={2}
  year={2011},
  publisher={The PRS Group}
}

@book{PRS1,
  title={The 2013 Political Risk Yearbook: East Europe},
  author={{PRS Group}},
  volume={7}
  year={2013},
  publisher={The PRS Group}
}

@book{PRS2,
  title={The 2006 Political Risk Yearbook: East Asia & the Pacific},
  author={{PRS Group}},
  volume={5}
  year={2006},
  publisher={The PRS Group}
}

@article{morgan2008information,
  title={Information aggregation in polls},
  author={Morgan, John and Stocken, Phillip C},
  journal={The American Economic Review},
  volume={98},
  number={3},
  pages={864--896},
  year={2008},
  publisher={American Economic Association}
}

@book{everybody lies,
  title={Everybody Lies},
  author={Seth Setphens-Davidowitz},
  year={2017},
  publisher={Harper Collins}
}

@book{house2017freedom,
  title={Freedom in the World 2017},
  author={{Freedom House}},
  year={2017},
  publisher={Rowman \& Littlefield}
}

@article{stephens2013will,
  title={Who Will Vote? Ask Google},
  author={Stephens-Davidowitz, Seth},
  journal={Manuscript, http://sethsd. com/s/election-forecasts-using-google9-vb54. pdf},
  year={2013}
}

@article{bollen2011twitter,
  title={Twitter mood predicts the stock market},
  author={Bollen, Johan and Mao, Huina and Zeng, Xiaojun},
  journal={Journal of computational science},
  volume={2},
  number={1},
  pages={1--8},
  year={2011},
  publisher={Elsevier}
}

@misc{twitterreport,
   title={Twitter Annual Report 2016},
   author={{Twitter}},
   howpublished={\url{http://bit.ly/2spSTXN}},
   month={},
   year={2016},
   publisher={Twitter Inc.}
}

@inproceedings{asur2010predicting,
  title={Predicting the future with social media},
  author={Asur, Sitaram and Huberman, Bernardo A},
  booktitle={Web Intelligence and Intelligent Agent Technology (WI-IAT), 2010 IEEE/WIC/ACM International Conference on},
  volume={1},
  pages={492--499},
  year={2010},
  organization={IEEE}
}

@article{smithestimating,
  title={Estimating Consumer Demand for Information Attributes Using Twitter Data},
  author={Smith, Ben and Wooten, Jadrian},
  year={2015},
  journal={Working Paper}
}

@article{o2010tweets,
  title={From tweets to polls: Linking text sentiment to public opinion time series.},
  author={O'Connor, Brendan and Balasubramanyan, Ramnath and Routledge, Bryan R and Smith, Noah A},
  journal={ICWSM},
  volume={11},
  number={122-129},
  pages={1--2},
  year={2010}
}

@inproceedings{lampos2013user,
  title={A user-centric model of voting intention from Social Media.},
  author={Lampos, Vasileios and Preotiuc-Pietro, Daniel and Cohn, Trevor},
  booktitle={ACL (1)},
  pages={993--1003},
  year={2013}
}

@inproceedings{kallus2014predicting,
  title={Predicting crowd behavior with big public data},
  author={Kallus, Nathan},
  booktitle={Proceedings of the 23rd International Conference on World Wide Web},
  pages={625--630},
  year={2014},
  organization={ACM}
}

@inproceedings{carley2013near,
  title={Near real time assessment of social media using geo-temporal network analytics},
  author={Carley, Kathleen M and Pfeffer, Jurgen and Liu, Huan and Morstatter, Fred and Goolsby, Rebecca},
  booktitle={Advances in Social Networks Analysis and Mining (ASONAM), 2013 IEEE/ACM International Conference on},
  pages={517--524},
  year={2013},
  organization={IEEE}
}

@article{gonzalez2011dynamics,
  title={The dynamics of protest recruitment through an online network},
  author={Gonz{\'a}lez-Bail{\'o}n, Sandra and Borge-Holthoefer, Javier and Rivero, Alejandro and Moreno, Yamir},
  journal={Scientific reports},
  volume={1},
  year={2011},
  publisher={Nature Publishing Group}
}

@techreport{Minverva,
     title = {{Minerva Research Summaries \& Resources Fall 2014}},
     author = {{Minerva Initiative}},
     group = {},
     year = {2014},
     institution = {US Department of Defense}
}

@techreport{ungar2012good,
  title={The Good Judgment Project: A Large Scale Test of Different Methods of Combining Expert Predictions},
  author={Ungar, Lyle and Mellors, Barb and Satop{\"a}{\"a}, Ville and Baron, Jon and Tetlock, Phil and Ramos, Jaime and Swift, Sam},
  year={2012},
  institution={AAAI Technical Report}
}

@article{SpanglerSmithstability,
  title={A Dynamic Model of Political Stability and Dissent},
  author={Spangler, Ethan and Smith, Ben},
  volume={},
  year={2017},
  journal={Working Paper}
}

@article{aisen2013does,
  title={How does political instability affect economic growth?},
  author={Aisen, Ari and Veiga, Francisco Jos{\'e}},
  journal={European Journal of Political Economy},
  volume={29},
  pages={151--167},
  year={2013},
  publisher={Elsevier}
}

@article{jong2009measurement,
  title={On the measurement of political instability and its impact on economic growth},
  author={Jong-A-Pin, Richard},
  journal={European Journal of Political Economy},
  volume={25},
  number={1},
  pages={15--29},
  year={2009},
  publisher={Elsevier}
}

@article{alesina1996income,
  title={Income distribution, political instability, and investment},
  author={Alesina, Alberto and Perotti, Roberto},
  journal={European economic review},
  volume={40},
  number={6},
  pages={1203--1228},
  year={1996},
  publisher={Elsevier}
}

@article{poushter2016smartphone,
  title={Smartphone ownership and internet usage continues to climb in emerging economies},
  author={Poushter, Jacob},
  journal={Pew Research Center},
  volume={22},
  year={2016}
}

@article{king2forthcoming,
  title={How the Chinese Government Fabricates Social Media Posts for Strategic Distraction, not Engaged Argument},
  author={King, Gary and Pan, Jennifer and Roberts, Margaret E},
  journal={American Political Science Review},
  volume={2}
  year={2017}
}

@inproceedings{poblete2011all,
  title={Do all birds tweet the same?: characterizing twitter around the world},
  author={Poblete, Barbara and Garcia, Ruth and Mendoza, Marcelo and Jaimes, Alejandro},
  booktitle={Proceedings of the 20th ACM international conference on Information and knowledge management},
  pages={1025--1030},
  year={2011},
  organization={ACM}
}

@article{theeconomist2014,
  title={A million conversations now: Twitter in Kenya},
  author={{The Economist}},
  journal={The Economist Group},
  volume={},
  number={},
  pages={},
  year={2014},
}

@article{simon2014twitter,
  title={Twitter in the cross fireâ€”the use of social media in the Westgate Mall terror attack in Kenya},
  author={Simon, Tomer and Goldberg, Avishay and Aharonson-Daniel, Limor and Leykin, Dmitry and Adini, Bruria},
  journal={PloS one},
  volume={9},
  number={8},
  pages={e104136},
  year={2014},
  publisher={Public Library of Science}
}

@techreport{Canadiansocialmedia,
  title={2016 Canadian Social Media Monitor},
  author={{Insights West}},
  year={2016},
  institution={Insights West}
}

@article{reuterskenya,
  title={Kenyan political unrest raises fears of new flare-up in 2017 vote},
  author={Edmund Blair},
  journal={Reuters},
  howpublished={\url{http://reut.rs/1XbVSMD}},
  month={},
  year={2016},
}

@techreport{statistica,
  title={Number of Twitter users in Canada from 2012 to 2020 (in millions)},
  author={Statista},
  year={2017},
  institution={Statista}
}

@techreport{statistica,
  title={Sizing up Twitter in Kenya},
  author={Moses Kemibaro},
  year={2014},
  institution={\url{www.moseskemibaro.com}}
}
